@Misc{wblatex,
	title = {{LaTeX}},
	author = {Wikibooks},
	year = 2018,
	url = {https://en.wikibooks.org/wiki/LaTeX},
	urldate = {2nd February 2018},
}

@InProceedings{llvm,
	author = {Chris Lattner and Vikram Adve},
	title = "{LLVM: A Compilation Framework for Lifelong Program Analysis \& Transformation}",
	booktitle = "{Proceedings of the 2004 International Symposium on Code Generation and Optimization (CGO'04)}",
	address = {Palo Alto, California},
	month = {Mar},
	year = {2004}
}
